[gd_scene load_steps=2 format=1]

[ext_resource path="res://Assets/Sprites/Jungle Tiles.png" type="Texture" id=1]

[node name="Tileset" type="Node"]

[node name="JungleTile1" type="Sprite" parent="."]

transform/pos = Vector2( 32, 32 )
texture = ExtResource( 1 )
region = true
region_rect = Rect2( 0, 0, 64, 64 )

[node name="JungleTile2" type="Sprite" parent="."]

transform/pos = Vector2( 96, 32 )
texture = ExtResource( 1 )
region = true
region_rect = Rect2( 64, 0, 64, 64 )

[node name="JungleTile3" type="Sprite" parent="."]

transform/pos = Vector2( 160, 32 )
texture = ExtResource( 1 )
region = true
region_rect = Rect2( 128, 0, 64, 64 )

[node name="JungleTile4" type="Sprite" parent="."]

transform/pos = Vector2( 224, 32 )
texture = ExtResource( 1 )
region = true
region_rect = Rect2( 192, 0, 64, 64 )

[node name="JungleTile5" type="Sprite" parent="."]

transform/pos = Vector2( 288, 32 )
texture = ExtResource( 1 )
region = true
region_rect = Rect2( 64, 320, 64, 64 )

[node name="JungleTile6" type="Sprite" parent="."]

transform/pos = Vector2( 352, 32 )
texture = ExtResource( 1 )
region = true
region_rect = Rect2( 0, 64, 64, 64 )

[node name="JungleTile7" type="Sprite" parent="."]

transform/pos = Vector2( 416, 32 )
texture = ExtResource( 1 )
region = true
region_rect = Rect2( 64, 64, 64, 64 )

[node name="JungleTile8" type="Sprite" parent="."]

transform/pos = Vector2( 480, 32 )
texture = ExtResource( 1 )
region = true
region_rect = Rect2( 128, 64, 64, 64 )

[node name="JungleTile9" type="Sprite" parent="."]

transform/pos = Vector2( 544, 32 )
texture = ExtResource( 1 )
region = true
region_rect = Rect2( 192, 64, 64, 64 )

[node name="JungleTile10" type="Sprite" parent="."]

transform/pos = Vector2( 608, 32 )
texture = ExtResource( 1 )
region = true
region_rect = Rect2( 320, 128, 64, 64 )


